<?xml version="1.0" encoding="UTF-8"?><collection xmlns="http://www.loc.gov/MARC21/slim"><record><leader>00685nam--2200193-i-4500</leader><controlfield tag="001">000019863</controlfield><controlfield tag="002">20161230</controlfield><controlfield tag="005">20161230201033</controlfield><controlfield tag="008">060222s1000------------r-----000-0-eng-d</controlfield><datafield ind1=" " ind2=" " tag="040"><subfield code="a">IFIN-HH</subfield></datafield><datafield ind1=" " ind2=" " tag="080"><subfield code="a">535.33</subfield></datafield><datafield ind1="1" ind2=" " tag="100"><subfield code="a">Ferraro, John R</subfield></datafield><datafield ind1="1" ind2="0" tag="245"><subfield code="a">Developments in applied spectroscopy;</subfield><subfield code="b">Volume 2. proceedings of the thirteenth annual symposium on spectroscopy held in chicago, illinois, april 30 - may 3, 1962</subfield><subfield code="c">John r. ferraro; j.s. ziomek</subfield></datafield><datafield ind1=" " ind2=" " tag="260"><subfield code="a">New York</subfield><subfield code="b">Plenum Press</subfield><subfield code="c">1963</subfield></datafield><datafield ind1=" " ind2=" " tag="300"><subfield code="a">438P</subfield></datafield><datafield ind1=" " ind2=" " tag="490"><subfield code="a">A Publication Of The Society For Applied Spectroscopy, Chicago Section</subfield></datafield><datafield ind1="1" ind2=" " tag="700"><subfield code="a">Ziomek, J.S</subfield></datafield><datafield ind1=" " ind2=" " tag="852"><subfield code="a">18304</subfield><subfield code="c">535.33</subfield></datafield><datafield ind1=" " ind2=" " tag="CAT"><subfield code="a">Sys</subfield><subfield code="c">20101202</subfield><subfield code="h">111652</subfield></datafield></record></collection>